@misc{SRS,
AUTHOR="Susan Chen, Guiye Wu, Ziyang Huang",
TITLE= {Requirement Document},
YEAR = "2018"
}